<record><leader>00000cas a2200000 a 4500</leader><controlfield tag="001">13433720</controlfield><controlfield tag="008">860415c19149999moudr ne      0    0eng d</controlfield><datafield ind1=" " ind2=" " tag="010"><subfield code="a">sn 86063335 </subfield></datafield><datafield ind1=" " ind2=" " tag="040"><subfield code="a">KSH</subfield><subfield code="b">eng</subfield><subfield code="c">KSH</subfield><subfield code="d">NPT</subfield><subfield code="d">MQN</subfield><subfield code="d">ANU</subfield><subfield code="d">OCL</subfield><subfield code="d">OCLCQ</subfield><subfield code="d">OCLCF</subfield><subfield code="d">OCLCO</subfield></datafield><datafield ind1="1" ind2=" " tag="029"><subfield code="a">AU@</subfield><subfield code="b">000022167958</subfield></datafield><datafield ind1=" " ind2=" " tag="042"><subfield code="a">msc</subfield></datafield><datafield ind1=" " ind2=" " tag="043"><subfield code="a">n-us-mo</subfield></datafield><datafield ind1="0" ind2="0" tag="245"><subfield code="a">Joplin globe.</subfield></datafield><datafield ind1=" " ind2=" " tag="260"><subfield code="a">Joplin, Mo. :</subfield><subfield code="b">Joplin Globe Pub. Co.,</subfield><subfield code="c">1914-</subfield></datafield><datafield ind1=" " ind2=" " tag="300"><subfield code="a">v. :</subfield><subfield code="b">ill. ;</subfield><subfield code="c">54 cm.</subfield></datafield><datafield ind1=" " ind2=" " tag="310"><subfield code="a">Daily</subfield></datafield><datafield ind1=" " ind2=" " tag="321"><subfield code="a">Daily (except Monday),</subfield><subfield code="b">Sept. 19, 1914-&lt;June 30, 1937&gt;</subfield></datafield><datafield ind1="0" ind2=" " tag="362"><subfield code="a">19th year, no. 36 (Sept. 19, 1914)-</subfield></datafield><datafield ind1=" " ind2="0" tag="651"><subfield code="a">Joplin (Mo.)</subfield><subfield code="v">Newspapers.</subfield></datafield><datafield ind1=" " ind2="7" tag="655"><subfield code="a">Newspapers.</subfield><subfield code="2">fast</subfield><subfield code="0">(OCoLC)fst01423814</subfield></datafield><datafield ind1=" " ind2="7" tag="651"><subfield code="a">Missouri</subfield><subfield code="z">Joplin.</subfield><subfield code="2">fast</subfield><subfield code="0">(OCoLC)fst01209528</subfield></datafield><datafield ind1=" " ind2=" " tag="752"><subfield code="a">United States</subfield><subfield code="b">Missouri</subfield><subfield code="c">Jasper</subfield><subfield code="d">Joplin.</subfield></datafield><datafield ind1="0" ind2="0" tag="780"><subfield code="t">Joplin daily globe</subfield><subfield code="w">(DLC)sn 89067261</subfield></datafield><datafield ind1="0" ind2="5" tag="780"><subfield code="t">Joplin news-herald</subfield><subfield code="w">(DLC)sn 86063336</subfield></datafield></record>